@book{modernphyexp,
    title={近代物理实验（第二版）},
    author={黄润生， 沙振舜， 唐涛},
    isbn={9787350177335},
    year={2008},
    publisher={南京大学出版社}
}